@article{news_addiction,
  title={Online News Addiction: Future Anxiety, Fear of Missing Out on News, and Interpersonal Trust Contribute to Excessive Online News Consumption},
  author={Reza Shabahang and Mara S. Aruguete and Hyejin Shim},
  journal={Online Journal of Communication and Media Technologies},
  year={2021},
  url={https://api.semanticscholar.org/CorpusID:233525534}
}

@article{doomscrolling,
  title={The dark at the end of the tunnel: Doomscrolling on social media newsfeeds.},
  author={Bhakti Sharma and Susanna S. Lee and Benjamin K. Johnson},
  journal={Technology, Mind, and Behavior},
  year={2022},
  url={https://api.semanticscholar.org/CorpusID:245957468}
}
